<record><leader>00000cas a22000007a 4500</leader><controlfield tag="001">22780795</controlfield><controlfield tag="008">901205d19901991nbuwr ne      0   a0eng d</controlfield><datafield ind1=" " ind2=" " tag="010"><subfield code="a">sn 91000541 </subfield></datafield><datafield ind1=" " ind2=" " tag="040"><subfield code="a">WIH</subfield><subfield code="b">eng</subfield><subfield code="c">WIH</subfield><subfield code="d">NSD</subfield><subfield code="d">OCLCQ</subfield><subfield code="d">OCLCF</subfield><subfield code="d">OCLCO</subfield></datafield><datafield ind1=" " ind2=" " tag="012"><subfield code="j">0</subfield><subfield code="m">d</subfield></datafield><datafield ind1="0" ind2=" " tag="022"><subfield code="a">1056-1323</subfield><subfield code="l">1056-1323</subfield><subfield code="y">1048-9932</subfield><subfield code="2">1</subfield></datafield><datafield ind1=" " ind2=" " tag="037"><subfield code="b">Winnebago Indian News, PO Box 687, Winnebago, NE 68071</subfield></datafield><datafield ind1=" " ind2=" " tag="042"><subfield code="a">nsdp</subfield><subfield code="a">msc</subfield></datafield><datafield ind1=" " ind2=" " tag="043"><subfield code="a">n-us-nb</subfield></datafield><datafield ind1="1" ind2="0" tag="082"><subfield code="a">970</subfield><subfield code="2">12</subfield></datafield><datafield ind1="0" ind2=" " tag="130"><subfield code="a">WIN (Winnebago, Neb.)</subfield></datafield><datafield ind1="0" ind2=" " tag="210"><subfield code="a">W.I.N.</subfield><subfield code="b">(Winnebago Neb.)</subfield></datafield><datafield ind1=" " ind2="0" tag="222"><subfield code="a">W.I.N.</subfield><subfield code="b">(Winnebago, Neb.)</subfield></datafield><datafield ind1="1" ind2="0" tag="245"><subfield code="a">WIN /</subfield><subfield code="c">Winnebago Tribe of Nebraska.</subfield></datafield><datafield ind1="1" ind2="7" tag="246"><subfield code="a">Winnebago Indian news</subfield></datafield><datafield ind1=" " ind2=" " tag="260"><subfield code="a">Winnebago, Neb. :</subfield><subfield code="b">[Winnebago Tribe of Nebraska],</subfield><subfield code="c">1990-</subfield></datafield><datafield ind1=" " ind2=" " tag="300"><subfield code="a">v. :</subfield><subfield code="b">ill. ;</subfield><subfield code="c">42 cm.</subfield></datafield><datafield ind1=" " ind2=" " tag="310"><subfield code="a">Monthly,</subfield><subfield code="b">&lt;Dec. 1990-&gt;</subfield></datafield><datafield ind1=" " ind2=" " tag="321"><subfield code="a">Weekly,</subfield><subfield code="b">&lt;Oct. 1990-&gt;</subfield></datafield><datafield ind1="0" ind2=" " tag="362"><subfield code="a">Vol. 4, no. 82 (Oct. 25, 1990)-</subfield></datafield><datafield ind1="1" ind2=" " tag="362"><subfield code="a">Ceased in 1991.</subfield></datafield><datafield ind1=" " ind2=" " tag="500"><subfield code="a">Title from caption.</subfield></datafield><datafield ind1=" " ind2=" " tag="588"><subfield code="a">Latest issue consulted: Vol. 4, no. 87 (Dec. 13, 1990).</subfield></datafield><datafield ind1=" " ind2="0" tag="650"><subfield code="a">Indians of North America</subfield><subfield code="z">Nebraska</subfield><subfield code="v">Periodicals.</subfield></datafield><datafield ind1=" " ind2="0" tag="650"><subfield code="a">Winnebago Indians</subfield><subfield code="v">Periodicals.</subfield></datafield><datafield ind1=" " ind2="7" tag="655"><subfield code="a">Periodicals.</subfield><subfield code="2">fast</subfield><subfield code="0">(OCoLC)fst01411641</subfield></datafield><datafield ind1=" " ind2="7" tag="650"><subfield code="a">Indians of North America.</subfield><subfield code="2">fast</subfield><subfield code="0">(OCoLC)fst00969633</subfield></datafield><datafield ind1=" " ind2="7" tag="650"><subfield code="a">Winnebago Indians.</subfield><subfield code="2">fast</subfield><subfield code="0">(OCoLC)fst01176022</subfield></datafield><datafield ind1=" " ind2="7" tag="651"><subfield code="a">Nebraska.</subfield><subfield code="2">fast</subfield><subfield code="0">(OCoLC)fst01208998</subfield></datafield><datafield ind1="1" ind2=" " tag="710"><subfield code="a">Winnebago Tribe of Nebraska.</subfield></datafield><datafield ind1=" " ind2=" " tag="752"><subfield code="a">United States</subfield><subfield code="b">Nebraska</subfield><subfield code="c">Thurston</subfield><subfield code="d">Winnebago.</subfield></datafield><datafield ind1="0" ind2="0" tag="780"><subfield code="t">Winnebago Indian news</subfield><subfield code="x">1048-9932</subfield><subfield code="w">(DLC)sn 86091381</subfield></datafield><datafield ind1="0" ind2="0" tag="785"><subfield code="t">Winnebago Indian news (Winnebago, Neb. : 1991)</subfield><subfield code="x">1060-3026</subfield><subfield code="w">(DLC)sn 91004717</subfield></datafield></record>